@article{prechelt2000,
  title={An empirical comparison of c, c++, java, perl, python, rexx and tcl},
  author={Prechelt, Lutz},
  journal={IEEE Computer},
  volume={33},
  number={10},
  pages={23--29},
  year={2000}
}
